@misc{murphy-thesis,
  title={Dynamic bayesian networks},
  author={Murphy, Kevin P},
  year={2002},
  publisher={PhD thesis, UC Berkeley}
}

@article{scott-bayesian-hmm,
  title={Bayesian methods for hidden Markov models},
  author={Scott, Steven L},
  journal={Journal of the American Statistical Association},
  volume={97},
  number={457},
  year={2002}
}

@inproceedings{ami,
  title={Information theoretic measures for clusterings comparison: is a correction for chance necessary?},
  author={Vinh, Nguyen Xuan and Epps, Julien and Bailey, James},
  booktitle={Proceedings of the 26th Annual International Conference on Machine Learning},
  pages={1073--1080},
  year={2009},
  organization={ACM}
}

@article{ramshaw-bio,
  title={Text chunking using transformation-based learning},
  author={Ramshaw, Lance A and Marcus, Mitchell P},
  journal={arXiv preprint cmp-lg/9505040},
  year={1995}
}

@incollection{teh-dirichlet,
  title={Dirichlet process},
  author={Teh, Yee Whye},
  booktitle={Encyclopedia of machine learning},
  pages={280--287},
  year={2010},
  publisher={Springer}
}

@article{jordan-bayesian-nonparam,
  title={Bayesian nonparametric learning: Expressive priors for intelligent systems},
  author={Jordan, Michael I},
  journal={Heuristics, Probability and Causality: A Tribute to Judea Pearl},
  volume={11},
  pages={167--185},
  year={2010},
  publisher={College Publications}
}

@techreport{sethuraman-constructive,
  title={A constructive definition of Dirichlet priors},
  author={Sethuraman, Jayaram},
  year={1991},
  institution={DTIC Document}
}

@article{hmm-alias-states,
  title={Learning Parametric-Output HMMs with Two Aliased States},
  author={Weiss, Roi and Nadler, Boaz},
  journal={arXiv preprint arXiv:1502.02158},
  year={2015}
}

@article{kyung-estimation-dirichlet,
  title={Estimation in Dirichlet random effects models},
  author={Kyung, Minjung and Gill, Jeff and Casella, George and others},
  journal={The Annals of Statistics},
  volume={38},
  number={2},
  pages={979--1009},
  year={2010},
  publisher={Institute of Mathematical Statistics}
}

@article{lafferty-crf,
  title={Conditional random fields: Probabilistic models for segmenting and labeling sequence data},
  author={Lafferty, John and McCallum, Andrew and Pereira, Fernando CN},
  year={2001}
}

@article{segmental-kmeans,
  title={The segmental K-means algorithm for estimating parameters of hidden Markov models},
  author={Juang, Biing-Hwang and Rabiner, Lawrence},
  journal={Acoustics, Speech and Signal Processing, IEEE Transactions on},
  volume={38},
  number={9},
  pages={1639--1641},
  year={1990},
  publisher={IEEE}
}

@techreport{switching-state-space,
  title={Switching state-space models},
  author={Ghahramani, Zoubin and Hinton, Geoffrey E},
  year={1996},
  institution={Citeseer}
}

@inproceedings{hmm-comparison-johnson,
  title={A comparison of Bayesian estimators for unsupervised Hidden Markov Model POS taggers},
  author={Gao, Jianfeng and Johnson, Mark},
  booktitle={Proceedings of the Conference on Empirical Methods in Natural Language Processing},
  pages={344--352},
  year={2008},
  organization={Association for Computational Linguistics}
}

@inproceedings{pcfg-bayesian-johnson,
  title={Bayesian Inference for PCFGs via Markov Chain Monte Carlo.},
  author={Johnson, Mark and Griffiths, Thomas L and Goldwater, Sharon},
  booktitle={HLT-NAACL},
  pages={139--146},
  year={2007}
}

@article{scikit-learn,
 title={Scikit-learn: Machine Learning in {P}ython},
 author={Pedregosa, F. and Varoquaux, G. and Gramfort, A. and Michel, V.
         and Thirion, B. and Grisel, O. and Blondel, M. and Prettenhofer, P.
         and Weiss, R. and Dubourg, V. and Vanderplas, J. and Passos, A. and
         Cournapeau, D. and Brucher, M. and Perrot, M. and Duchesnay, E.},
 journal={Journal of Machine Learning Research},
 volume={12},
 pages={2825--2830},
 year={2011}
}

@misc{CRFsuite,
  author = {Naoaki Okazaki},
  title = {CRFsuite: a fast implementation of Conditional Random Fields (CRFs)},
  url = {http://www.chokkan.org/software/crfsuite/},
  year = {2007}
}

@inproceedings{perceptron-collins,
  title={Discriminative training methods for hidden markov models: Theory and experiments with perceptron algorithms},
  author={Collins, Michael},
  booktitle={Proceedings of the ACL-02 conference on Empirical methods in natural language processing-Volume 10},
  pages={1--8},
  year={2002},
  organization={Association for Computational Linguistics}
}

@inproceedings{comparative-vit-ml,
  title={Comparative analysis of Viterbi training and maximum likelihood estimation for HMMs},
  author={Allahverdyan, Armen and Galstyan, Aram},
  booktitle={Advances in Neural Information Processing Systems},
  pages={1674--1682},
  year={2011}
}

@article{autoregressive-shannon,
  title={Autoregressive HMMs for speech synthesis},
  author={Shannon, Matt and Byrne, William},
  year={2009},
  publisher={ISCA (International Speech Communication Association)}
}

@inproceedings{viterbi-em,
  title={Viterbi training improves unsupervised dependency parsing},
  author={Spitkovsky, Valentin I and Alshawi, Hiyan and Jurafsky, Daniel and Manning, Christopher D},
  booktitle={Proceedings of the Fourteenth Conference on Computational Natural Language Learning},
  pages={9--17},
  year={2010},
  organization={Association for Computational Linguistics}
}

@article{neal-mcmc-dp,
  title={Markov chain sampling methods for Dirichlet process mixture models},
  author={Neal, Radford M},
  journal={Journal of computational and graphical statistics},
  volume={9},
  number={2},
  pages={249--265},
  year={2000},
  publisher={Taylor \& Francis Group}
}

@inproceedings{infinite-gmm,
  title={The infinite Gaussian mixture model.},
  author={Rasmussen, Carl Edward},
  booktitle={NIPS},
  volume={12},
  pages={554--560},
  year={1999}
}

@article{structured-priors,
  title={Structured priors for structure learning},
  author={Mansinghka, Vikash and Kemp, Charles and Griffiths, Thomas and Tenenbaum, Joshua},
  journal={arXiv preprint arXiv:1206.6852},
  year={2012}
}

@inproceedings{poverty-stimulus,
  title={Poverty of the stimulus? A rational approach},
  author={Perfors, Amy and Tenenbaum, Josh and Regier, Terry},
  booktitle={Annual Conference},
  year={2006}
}

@article{how-to-grow-a-mind,
  title={How to grow a mind: Statistics, structure, and abstraction},
  author={Tenenbaum, Joshua B and Kemp, Charles and Griffiths, Thomas L and Goodman, Noah D},
  journal={science},
  volume={331},
  number={6022},
  pages={1279--1285},
  year={2011},
  publisher={American Association for the Advancement of Science}
}

@article{kalman-filter,
  title={A new approach to linear filtering and prediction problems},
  author={Kalman, Rudolph Emil},
  journal={Journal of Fluids Engineering},
  volume={82},
  number={1},
  pages={35--45},
  year={1960},
  publisher={American Society of Mechanical Engineers}
}

@article{rabiner-hmms,
  title={An introduction to hidden Markov models},
  author={Rabiner, Lawrence and Juang, Biing-Hwang},
  journal={ASSP Magazine, IEEE},
  volume={3},
  number={1},
  pages={4--16},
  year={1986},
  publisher={IEEE}
}

@article{segmental-rabiner,
  title={The segmental K-means algorithm for estimating parameters of hidden Markov models},
  author={Juang, Biing-Hwang and Rabiner, Lawrence},
  journal={Acoustics, Speech and Signal Processing, IEEE Transactions on},
  volume={38},
  number={9},
  pages={1639--1641},
  year={1990},
  publisher={IEEE}
}

@article{estimate-wrong,
  title={Estimating the wrong graphical model: Benefits in the computation-limited setting},
  author={Wainwright, Martin J},
  journal={The Journal of Machine Learning Research},
  volume={7},
  pages={1829--1859},
  year={2006},
  publisher={JMLR. org}
}

@inproceedings{taylor-crbm-2006,
  title={Modeling human motion using binary latent variables},
  author={Taylor, Graham W and Hinton, Geoffrey E and Roweis, Sam T},
  booktitle={Advances in neural information processing systems},
  pages={1345--1352},
  year={2006}
}

@incollection{multiple-sensor-bao,
  title={Activity recognition from user-annotated acceleration data},
  author={Bao, Ling and Intille, Stephen S},
  booktitle={Pervasive computing},
  pages={1--17},
  year={2004},
  publisher={Springer}
}

@inproceedings{weka-aaai-ravi,
  title={Activity recognition from accelerometer data},
  author={Ravi, Nishkam and Dandekar, Nikhil and Mysore, Preetham and Littman, Michael L},
  booktitle={AAAI},
  volume={5},
  pages={1541--1546},
  year={2005}
}

@article{phone-kwapisz,
  title={Activity recognition using cell phone accelerometers},
  author={Kwapisz, Jennifer R and Weiss, Gary M and Moore, Samuel A},
  journal={ACM SigKDD Explorations Newsletter},
  volume={12},
  number={2},
  pages={74--82},
  year={2011},
  publisher={ACM}
}

@inproceedings{arm-worn-muehlbauer,
 author = {Muehlbauer, Michael and Bahle, Gernot and Lukowicz, Paul},
 title = {What Can an Arm Holster Worn Smart Phone Do for Activity Recognition?},
 booktitle = {Proceedings of the 2011 15th Annual International Symposium on Wearable Computers},
 series = {ISWC '11},
 year = {2011},
 isbn = {978-0-7695-4438-0},
 pages = {79--82},
 numpages = {4},
 url = {http://dx.doi.org/10.1109/ISWC.2011.23},
 doi = {10.1109/ISWC.2011.23},
 acmid = {2015321},
 publisher = {IEEE Computer Society},
 address = {Washington, DC, USA},
 keywords = {mobile phones, activity recognition, arm holster, gym exercises},
}

@article{tutorial-bulling,
  title={A tutorial on human activity recognition using body-worn inertial sensors},
  author={Bulling, Andreas and Blanke, Ulf and Schiele, Bernt},
  journal={ACM Computing Surveys (CSUR)},
  volume={46},
  number={3},
  pages={33},
  year={2014},
  publisher={ACM}
}

@incollection{hhmm-lee,
  title={Activity recognition using hierarchical hidden markov models on a smartphone with 3D accelerometer},
  author={Lee, Young-Seol and Cho, Sung-Bae},
  booktitle={Hybrid Artificial Intelligent Systems},
  pages={460--467},
  year={2011},
  publisher={Springer}
}

@inproceedings{factored-hmm-tran,
  title={Factored state-abstract hidden markov models for activity recognition using pervasive multi-modal sensors},
  author={Tran, Dung T and Phung, Dinh Q and Bui, Hung H and Venkatesh, Svetha},
  booktitle={Intelligent Sensors, Sensor Networks and Information Processing Conference, 2005. Proceedings of the 2005 International Conference on},
  pages={331--336},
  year={2005},
  organization={IEEE}
}

@inproceedings{ms-activity,
  title={RecoFit: using a wearable sensor to find, recognize, and count repetitive exercises},
  author={Morris, Dan and Saponas, T Scott and Guillory, Andrew and Kelner, Ilya},
  booktitle={Proceedings of the 32nd annual ACM conference on Human factors in computing systems},
  pages={3225--3234},
  year={2014},
  organization={ACM}
}

@Inproceedings {ms-overview,
author       = {A.J. Brush and John Krumm and James Scott},
booktitle    = {Pervasive 2010 Workshop How to do Good Research in Activity Recognition},
month        = {May},
publisher    = {Microsoft Research},
title        = {Activity Recognition Research: The Good, the Bad, and the Future},
url          = {http://research.microsoft.com/apps/pubs/default.aspx?id=152498},
year         = {2010},
}

@inproceedings{cascaded-finite-state,
  title={Simple unsupervised grammar induction from raw text with cascaded finite state models},
  author={Ponvert, Elias and Baldridge, Jason and Erk, Katrin},
  booktitle={Proceedings of the 49th Annual Meeting of the Association for Computational Linguistics: Human Language Technologies-Volume 1},
  pages={1077--1086},
  year={2011},
  organization={Association for Computational Linguistics}
}

@book{gelman-bayesian-data-analysis,
  title={Bayesian data analysis},
  author={Gelman, Andrew and Carlin, John B and Stern, Hal S and Rubin, Donald B},
  volume={2},
  year={2014},
  publisher={Taylor \& Francis}
}

@article{mcmc-ml,
  title={An introduction to MCMC for machine learning},
  author={Andrieu, Christophe and De Freitas, Nando and Doucet, Arnaud and Jordan, Michael I},
  journal={Machine learning},
  volume={50},
  number={1-2},
  pages={5--43},
  year={2003},
  publisher={Springer}
}

@article{understanding-mh,
  title={Understanding the metropolis-hastings algorithm},
  author={Chib, Siddhartha and Greenberg, Edward},
  journal={The american statistician},
  volume={49},
  number={4},
  pages={327--335},
  year={1995},
  publisher={Taylor \& Francis Group}
}

@article{mh-within-gibbs,
  title={Markov chains for exploring posterior distributions},
  author={Tierney, Luke},
  journal={the Annals of Statistics},
  pages={1701--1728},
  year={1994},
  publisher={JSTOR}
}